%%
% check for friction vs temperature?
@book{hager2010wastewater,
  title={Wastewater hydraulics},
  author={Hager, Willi W and Hager, WH},
  year={2010},
  publisher={Springer}
}

%% FOG formation refs
@article{he2013mechanisms,
  title={Mechanisms of Fat, Oil and Grease (FOG) deposit formation in sewer lines.},
  author={He, Xia and de Los Reyes 3rd, FL and Leming, Michael L and Dean, Lisa O and Lappi, Simon E and Ducoste, Joel J},
  journal={Water research},
  volume={47},
  number={13},
  pages={4451--4459},
  year={2013}
}
@article{williams2012fat,
  title={Fat, oil and grease deposits in sewers: Characterisation of deposits and formation mechanisms},
  author={Williams, JB and Clarkson, Colin and Mant, Cath and Drinkwater, A and May, Eric},
  journal={Water Research},
  volume={46},
  number={19},
  pages={6319--6328},
  year={2012},
  publisher={Elsevier}
}



% maintainence background
@article{fenner2000approaches,
  title={Approaches to sewer maintenance: a review},
  url={http://www.sciencedirect.com/science/article/pii/S1462075800000650},
  doi={10.1016/S1462-0758(00)00065-0},
  author={Fenner, RA},
  journal={Urban water},
  volume={2},
  number={4},
  pages={343--356},
  year={2000},
  publisher={Elsevier}
}

%% very informative pdf - comprehensive historical review, 
%% describes relation between combined storm/sanitary and shift to separate sanitary systems
@article{burian2000urban,
  title={Urban wastewater management in the United States: Past, present, and future},
  author={Burian, Steven J and Nix, Stephan J and Pitt, Robert E and Durrans, S Rocky},
  journal={Journal of Urban Technology},
  url={http://www.sewerhistory.org/articles/whregion/urban_wwm_mgmt/urban_wwm_mgmt.pdf},
  doi={10.1080/713684134},
  volume={7},
  number={3},
  pages={33--62},
  year={2000},
  publisher={Taylor \& Francis}
}

&& US EPA reports - very informative PDFs
@techreport{epa2004local,
  author={U.S. EPA, Office of Wastewater Management},
  year=2004,
  title={Local Limits Development Guidance},
  number={EPA 833-R-04-002A},
}

@techreport{epa2004report,
  author={U.S. EPA, Office of Wastewater Management},
  year=2004,
  title={Report to Congress: Impacts and Control of CSOs and SSOs},
  number={EPA 833-R-04-001},
  url={http://cfpub.epa.gov/npdes/cso/cpolicy_report2004.cfm}
}

%% municipal measures
@article{tupper2008fog,
  title={FOG: Collaborating to Keep the Pipes Clear},
  author={Tupper, Gayle and Skoda, Sophia},
  journal={Proceedings of the Water Environment Federation},
  url={http://pprc.org/browngreasesymposium/docs/FOG_Collaborating_to_Keep_the_Pipes_Clear.pdf},
  doi={10.2175/193864708788752188},
  volume={2008},
  number={12},
  pages={4014--4029},
  year={2008},
  publisher={Water Environment Federation}
}

@article{parnell2005innovative,
  title={Innovative Approach to Fats, Oils, and Grease (FOG) Management},
  author={Parnell, Dan},
  journal={Proceedings of the Water Environment Federation},
  volume={2005},
  number={8},
  pages={6737--6747},
  year={2005},
  publisher={Water Environment Federation}
}

@article{bennett2006atlanta,
  title={Atlanta's aggressive grease control program reduces SSOs},
  author={Bennett, Waldo and Sukenik, William},
  journal={Proceedings of the Water Environment Federation},
  volume={2006},
  number={4},
  pages={133--143},
  year={2006},
  publisher={Water Environment Federation}
}

@article{hassey2001grease,
  title={Grease Impact Assessment Rehabilitation Pilot Project},
  author={Hassey, Patrick and Joyce, Charles},
  journal={Proceedings of the Water Environment Federation},
  volume={2001},
  number={16},
  pages={698--713},
  year={2001},
  publisher={Water Environment Federation}
}

@article{heckler2003best,
  title={Best management practices to reduce pollution from sewers in a large municipality},
  author={Heckler, Phil},
  journal={Proceedings of the Water Environment Federation},
  volume={2003},
  number={3},
  pages={398--410},
  year={2003},
  publisher={Water Environment Federation}
}

